
@article{szegedy2013intriguing,
  title={Intriguing properties of neural networks},
  author={Szegedy, Christian and Zaremba, Wojciech and Sutskever, Ilya and Bruna, Joan and Erhan, Dumitru and Goodfellow, Ian and Fergus, Rob},
  journal={arXiv preprint arXiv:1312.6199},
  year={2013}
}
# Journal 
@article{pmlr-v28-goodfellow13,
  title = 	 {Maxout Networks},
  author = 	 {Goodfellow, Ian and Warde-Farley, David and Mirza, Mehdi and Courville, Aaron and Bengio, Yoshua},
  booktitle = 	 {Proceedings of the 30th International Conference on Machine Learning},
  pages = 	 {1319--1327},
  year = 	 {2013},
  editor = 	 {Dasgupta, Sanjoy and McAllester, David},
  volume = 	 {28},
  number =       {3},
  series = 	 {Proceedings of Machine Learning Research},
  address = 	 {Atlanta, Georgia, USA},
  month = 	 {17--19 Jun},
  publisher =    {PMLR},
  pdf = 	 {http://proceedings.mlr.press/v28/goodfellow13.pdf}
}

@article{goodfellow2014explaining,
  title={Explaining and harnessing adversarial examples},
  author={Goodfellow, Ian J and Shlens, Jonathon and Szegedy, Christian},
  journal={arXiv preprint arXiv:1412.6572},
  year={2014}
}